@techreport{croff1980user,
  title={User's manual for the ORIGEN2 computer code},
author={Croff, Allen G},
year={1980},
institution={Oak Ridge National Lab.}
}